@MastersThesis{virka11,
    author = "Timo Virkkala",
    title = "Solving Sokoban",
    school = "University Of Helsinki",
    pages={1--77},
    year = "2011",
    }

@BachelorThesis{froleyks16,
    author = "Nils Froleyks",
    title = "Using an Algorithm Portfolio to Solve Sokoban",
    school = "Karlsruhe Institute of Technology",
    pages={29--31},
    year = "2016",
    }

@inproceedings{culberson97,
  title={Sokoban is PSPACE-complete},
  author={Culberson, Joseph},
  booktitle={Proceedings in Informatics},
  volume={4},
  pages={65--76},
  year={1997},
  organization={Citeseer}
}

@inproceedings{cazenave10,
  title={Towards deadlock free Sokoban},
  author={Cazenave, Tristan and Jouandeau, Nicolas},
  booktitle={Proc. 13th Board Game Studies Colloquium},
  pages={1--12},
  year={2010}
}

@inproceedings{botea03,
  title={Using abstraction for planning in sokoban},
  author={Botea, Adi and M{\"u}ller, Martin and Schaeffer, Jonathan},
  booktitle={International Conference on Computers and Games},
  pages={360--375},
  year={2002},
  organization={Springer}
}

@article{gomes00,
  title={Algorithm portfolios},
  author={Gomes, Carla P and Selman, Bart},
  journal={Artificial Intelligence},
  volume={126},
  number={1},
  pages={43--62},
  year={2001},
  publisher={Elsevier}
}

@article{junghanns00,
  title={Sokoban: Enhancing general single-agent search methods using domain knowledge},
  author={Junghanns, Andreas and Schaeffer, Jonathan},
  journal={Artificial Intelligence},
  volume={129},
  number={1},
  pages={219--251},
  year={2001},
  publisher={Elsevier}
}

@inproceedings{junghanns1999,
  title={Relevance cuts: Localizing the search},
  author={Junghanns, Andreas and Schaeffer, Jonathan},
  booktitle={International Conference on Computers and Games},
  pages={1--14},
  year={1998},
  organization={Springer}
}

@inproceedings{junghanns98,
  title={Sokoban: Evaluating standard single-agent search techniques in the presence of deadlock},
  author={Junghanns, Andreas and Schaeffer, Jonathan},
  booktitle={Conference of the Canadian Society for Computational Studies of Intelligence},
  pages={1--15},
  year={1998},
  organization={Springer}
}

@article{dorit96,
  title={SOKOBAN and other motion planning problems},
  author={Dor, Dorit and Zwick, Uri},
  journal={Computational Geometry},
  volume={13},
  number={4},
  pages={215--228},
  year={1996},
  publisher={Elsevier}
}

@inproceedings{lishout08,
  title={Hierarchical planning and learning for automatic solving of Sokoban problems},
  author={Demaret, Jean-No{\"e}l and Van Lishout, Fran{\c{c}}ois and Gribomont, Pascal},
  booktitle={20th Belgium-Netherlands Conference on Artificial Intelligence},
  pages={57--64},
  year={2008}
}

@inproceedings{balyo15,
  title={HordeSat: A massively parallel portfolio SAT solver},
  author={Balyo, Tom{\'a}{\v{s}} and Sanders, Peter and Sinz, Carsten},
  booktitle={International Conference on Theory and Applications of Satisfiability Testing},
  pages={156--172},
  year={2015},
  organization={Springer}
}

@article{zobrist70,
  title={A new hashing method with application for game playing},
  author={Zobrist, Albert L},
  journal={ICCA journal},
  volume={13},
  number={2},
  pages={69--73},
  year={1970}
}

@inproceedings{luby93,
  title={Optimal speedup of Las Vegas algorithms},
  author={Luby, Michael and Sinclair, Alistair and Zuckerman, David},
  booktitle={Theory and Computing Systems, 1993., Proceedings of the 2nd Israel Symposium on the},
  pages={128--133},
  year={1993},
  organization={IEEE}
}

@book{donald3,
  title={The art of computer programming: sorting and searching},
  author={Knuth, Donald Ervin},
  volume={3},
  year={1998},
  publisher={Pearson Education}
}

@book{donald4,
 author = {Knuth, Donald E.},
 title = {The Art of Computer Programming, Volume 4, Fascicle 6: Satisfiability},
 year = {2015},
 edition = {1st},
 publisher = {Addison-Wesley Professional},
 @Comment isbn = {0134397606, 9780134397603},
} 

@article{kuhn55,
  title={The Hungarian method for the assignment problem},
  author={Kuhn, Harold W},
  journal={Naval research logistics quarterly},
  volume={2},
  number={1-2},
  pages={83--97},
  year={1955},
  publisher={Wiley Online Library}
}

@misc{garey90,
  title={Computers and Intractability: A Guide to the Theory of NP-completeness},
  author={Gary, Michael R and Johnson, David S},
  year={1979},
  publisher={WH Freeman and Company, New York}
}

@book{stuart03,
  title={Artificial intelligence: a modern approach},
  author={Russell, Stuart Jonathan and Norvig, Peter and Canny, John F and Malik, Jitendra M and Edwards, Douglas D},
  volume={2},
  year={2003},
  publisher={Prentice hall Upper Saddle River}
}

@inproceedings{taylor11,
  title={Procedural generation of Sokoban levels},
  author={Taylor, Joshua and Parberry, Ian},
  booktitle={Proceedings of the International North American Conference on Intelligent Games and Simulation},
  pages={5--12},
  year={2011}
}

@article{star,
  title={A formal basis for the heuristic determination of minimum cost paths},
  author={Hart, Peter E and Nilsson, Nils J and Raphael, Bertram},
  journal={IEEE transactions on Systems Science and Cybernetics},
  volume={4},
  number={2},
  pages={100--107},
  year={1968},
  publisher={IEEE}
}

@article{floyd,
  title={Algorithm 97: shortest path},
  author={Floyd, Robert W},
  journal={Communications of the ACM},
  volume={5},
  number={6},
  pages={345},
  year={1962},
  publisher={ACM}
}